<record><leader>00000cas a2200000 a 4500</leader><controlfield tag="001">13745055</controlfield><controlfield tag="008">860618d18871890mouwr ne      0    0eng d</controlfield><datafield ind1=" " ind2=" " tag="010"><subfield code="a">sn 86063985 </subfield></datafield><datafield ind1=" " ind2=" " tag="040"><subfield code="a">KSH</subfield><subfield code="b">eng</subfield><subfield code="c">KSH</subfield><subfield code="d">NPT</subfield><subfield code="d">MQN</subfield><subfield code="d">OCL</subfield><subfield code="d">OCLCQ</subfield></datafield><datafield ind1=" " ind2=" " tag="042"><subfield code="a">msc</subfield></datafield><datafield ind1="0" ind2=" " tag="130"><subfield code="a">Union record (Union, Mo.)</subfield></datafield><datafield ind1="1" ind2="0" tag="245"><subfield code="a">Union record.</subfield></datafield><datafield ind1="1" ind2="3" tag="246"><subfield code="a">Franklin Co. record</subfield></datafield><datafield ind1=" " ind2=" " tag="260"><subfield code="a">Union, Mo. :</subfield><subfield code="b">Wilson Leiser</subfield></datafield><datafield ind1=" " ind2=" " tag="300"><subfield code="a">v. ;</subfield><subfield code="c">60 cm.</subfield></datafield><datafield ind1=" " ind2=" " tag="310"><subfield code="a">Weekly</subfield></datafield><datafield ind1="1" ind2=" " tag="362"><subfield code="a">Began in 1887; ceased in 1890.</subfield></datafield><datafield ind1=" " ind2=" " tag="588"><subfield code="a">Description based on: Vol. 13, no. 23 (Feb. 3, 1887).</subfield></datafield><datafield ind1=" " ind2=" " tag="752"><subfield code="a">United States</subfield><subfield code="b">Missouri</subfield><subfield code="c">Franklin</subfield><subfield code="d">Union.</subfield></datafield><datafield ind1="0" ind2="0" tag="780"><subfield code="t">Franklin County record (Union, Mo.)</subfield><subfield code="w">(DLC)sn 87052241</subfield></datafield><datafield ind1="0" ind2="4" tag="785"><subfield code="t">Tribune (Union, Mo.)</subfield><subfield code="w">(DLC)sn 90061743</subfield></datafield><datafield ind1="1" ind2=" " tag="029"><subfield code="a">AU@</subfield><subfield code="b">000022169328</subfield></datafield></record>